%%% :::::: COPY-PAST-Vorlage ::::::
%%% book  misc  mastersthesis  manual  phdthesis  inproceedings %%%

% @article{Name:year:ABC,
%  author = {},
%  title = {{}},
%  journal = {},
%  volume = {},
%  number = {},
%  pages = {},
%  year = {},
%  month ={}, 
%  doi = {},
%  name = {},
% }
%%%  url = {}, note = {}, organization ={},  school = {}

 
%%% :::::: SORT ALPHABETICAL :::::: %%%


@article{Name:year:ABC,
  author = {},
  title = {{}},
  journal = {},
  volume = {},
  number = {},
  pages = {},
  year = {},
  month ={}, 
  doi = {},
  name = {},
}

@article{Abdo:KryptoNCA,
title = {A cryptosystem based on elementary cellular automata},
journal = {Communications in Nonlinear Science and Numerical Simulation},
volume = {18},
number = {1},
pages = {136-147},
year = {2013},
issn = {1007-5704},
doi = {https://doi.org/10.1016/j.cnsns.2012.05.023},
url = {https://www.sciencedirect.com/science/article/pii/S1007570412002523},
author = {A.A. Abdo and Shiguo Lian and I.A. Ismail and M. Amin and H. Diab},
keywords = {Elementary cellular automata, Image encryption, Cellular neural network, Chaos},
}

@article{Ahmed:2017:UCL_PROMIS,
title = {Diagnostic accuracy of multi-parametric MRI and TRUS biopsy in prostate cancer (PROMIS): a paired validating confirmatory study},
journal = {The Lancet},
volume = {389},
number = {10071},
pages = {815-822},
year = {2017},
issn = {0140-6736},
doi = {https://doi.org/10.1016/S0140-6736(16)32401-1},
url = {https://www.sciencedirect.com/science/article/pii/S0140673616324011},
author = {Hashim U Ahmed and Ahmed {El-Shater Bosaily} and Louise C Brown and Rhian Gabe and Richard Kaplan and Mahesh K Parmar and Yolanda Collaco-Moraes and Katie Ward and Richard G Hindley and Alex Freeman and Alex P Kirkham and Robert Oldroyd and Chris Parker and Mark Emberton},
}

@article{Aldabbagh:2022:DessertNCA,
  author = {Aldabbagh, Yasir Abdulameer Nayyef and Shafri, Helmi Zulhaidi Mohd and Mansor, Shattri and Ismail, Mohd Hasmadi},
  title = {{Desertification prediction with an integrated 3D convolutional neural network and cellular automata in Al-Muthanna, Iraq}},
  journal = {Environmental Monitoring and Assessment},
  volume = {194},
  year = {2022},
  month ={08}, 
  doi = {10.1007/s10661-022-10379-z},

}

@article{Antonelli:2022:MedSegmentationDecatlon,
  author = {Antonelli, Michela and Reinke, Annika and Bakas, Spyridon and Farahani, Keyvan},
  title = {The Medical Segmentation Decathlon},
  journal = {Nature Communications},
  volume = {13},
  number = {},
  pages = {},
  year = {2022},
  month ={07}, 
  doi = {10.1038/s41467-022-30695-9},
  url = {http://medicaldecathlon.com/},
  name = {},
}

@ARTICLE{Baum:2023:medDomainShifts,
  author={Baum, Zachary M. C. and Hu, Yipeng and Barratt, Dean C.},
  journal={IEEE Transactions on Medical Imaging}, 
  title={Meta-Learning Initializations for Interactive Medical Image Registration}, 
  year={2023},
  volume={42},
  number={3},
  pages={823-833},
  doi={10.1109/TMI.2022.3218147}
}

@InCollection{Berto:StanfordSurvey_CA:2022,
	author       =	{Berto, Francesco and Tagliabue, Jacopo},
	title        =	{{Cellular Automata}},
	booktitle    =	{The {Stanford} Encyclopedia of Philosophy},
	editor       =	{Edward N. Zalta},
	howpublished =	{\url{https://plato.stanford.edu/archives/spr2022/entries/cellular-automata/}},
	year         =	{2022},
	edition      =	{{S}pring 2022},
	publisher    =	{Metaphysics Research Lab, Stanford University}
}

@misc{Bloch:2015:ISBI_Data,
  author = {Bloch, N. and Madabhushi, A. and Huisman, H. and Freymann, J. and Kirby, J. and Grauer, M. and Enquobahrie, A. and Jaffe, C. and Clarke, L. and Farahani, K.},
  title = {{NCI-ISBI 2013 Challenge: Automated Segmentation of Prostate Structures}},
  journal = {The Cancer Imaging Archive},
  doi = {10.7937/K9/TCIA.2015.zF0vlOPv},
}

@INPROCEEDINGS{Delaroso:MusikNCA,
  author={Delarosa, Omar and Soros, L. B.},
  booktitle={2020 IEEE Symposium Series on Computational Intelligence (SSCI)}, 
  title={Growing MIDI Music Files Using Convolutional Cellular Automata}, 
  year={2020},
  volume={},
  number={},
  pages={1187-1194},
  doi={10.1109/SSCI47803.2020.9308378}
} 

@article{Clark:2013:ISBI_TCIA,
  author = {Clark, K. and Vendt, B. and Smith, K. and Freymann, J. and Kirby, J. and Koppel, P. and Moore, S. and Phillips, S. and Maffitt, D. and Pringle, M. and Tarbox, L. and Prior, F.},
  title = {{The Cancer Imaging Archive (TCIA): Maintaining and Operating a Public Information Repository}},
  journal = {Journal of Digital Imaging},
  volume = {26},
  number = {6},
  pages = {2045-2057},
  year = {2013},
  doi = {doi.org/10.1007/s10278-013-9622-7},
}

@article{Cevendran:2019:CityNCA,
  author = {Devendran, Aarthi Aishwarya and Lakshmanan, Gnanappazham},
  title = {{Analysis and Prediction of Urban Growth Using Neural-Network-Coupled Agent-Based Cellular Automata Model for Chennai Metropolitan Area, Tamil Nadu, India}},
  journal = {Journal of the Indian Society of Remote Sensing},
  volume = {47},
  pages = {1515 - 1526},
  year = {2019},
  month ={09}, 
  doi = {10.1007/s12524-019-01003-8},
}

@InProceedings{Eisenmann_2023_CVPR,
    author    = {Eisenmann, Matthias and Reinke, Annika and Weru, Vivienn and Tizabi, Minu D. and Isensee, Fabian and Adler, Tim J. and Ali, Sharib and Andrearczyk, Vincent and Aubreville, Marc and Baid, Ujjwal and Bakas, Spyridon and Balu, Niranjan and Bano, Sophia and Bernal, Jorge and Bodenstedt, Sebastian and Casella, Alessandro and Cheplygina, Veronika and Daum, Marie and de Bruijne, Marleen and Depeursinge, Adrien and Dorent, Reuben and Egger, Jan and Ellis, David G. and Engelhardt, Sandy and Ganz, Melanie and Ghatwary, Noha and Girard, Gabriel and Godau, Patrick and Gupta, Anubha and Hansen, Lasse and Harada, Kanako and Heinrich, Mattias P. and Heller, Nicholas and Hering, Alessa and Huaulm\'e, Arnaud and Jannin, Pierre and Kavur, Ali Emre and Kodym, Old\v{r}ich and Kozubek, Michal and Li, Jianning and Li, Hongwei and Ma, Jun and Mart{\'\i}n-Isla, Carlos and Menze, Bjoern and Noble, Alison and Oreiller, Valentin and Padoy, Nicolas and Pati, Sarthak and Payette, Kelly and R\"adsch, Tim and Rafael-Pati\~no, Jonathan and Bawa, Vivek Singh and Speidel, Stefanie and Sudre, Carole H. and van Wijnen, Kimberlin and Wagner, Martin and Wei, Donglai and Yamlahi, Amine and Yap, Moi Hoon and Yuan, Chun and Zenk, Maximilian and Zia, Aneeq and Zimmerer, David and Aydogan, Dogu Baran and Bhattarai, Binod and Bloch, Louise and Br\"ungel, Raphael and Cho, Jihoon and Choi, Chanyeol and Dou, Qi and Ezhov, Ivan and Friedrich, Christoph M. and Fuller, Clifton D. and Gaire, Rebati Raman and Galdran, Adrian and Faura, \'Alvaro Garc{\'\i}a and Grammatikopoulou, Maria and Hong, SeulGi and Jahanifar, Mostafa and Jang, Ikbeom and Kadkhodamohammadi, Abdolrahim and Kang, Inha and Kofler, Florian and Kondo, Satoshi and Kuijf, Hugo and Li, Mingxing and Luu, Minh and Martin\v{c}i\v{c}, Toma\v{z} and Morais, Pedro and Naser, Mohamed A. and Oliveira, Bruno and Owen, David and Pang, Subeen and Park, Jinah and Park, Sung-Hong and Plotka, Szymon and Puybareau, Elodie and Rajpoot, Nasir and Ryu, Kanghyun and Saeed, Numan and Shephard, Adam and Shi, Pengcheng and \v{S}tepec, Dejan and Subedi, Ronast and Tochon, Guillaume and Torres, Helena R. and Urien, Helene and Vila\c{c}a, Jo\~ao L. and Wahid, Kareem A. and Wang, Haojie and Wang, Jiacheng and Wang, Liansheng and Wang, Xiyue and Wiestler, Benedikt and Wodzinski, Marek and Xia, Fangfang and Xie, Juanying and Xiong, Zhiwei and Yang, Sen and Yang, Yanwu and Zhao, Zixuan and Maier-Hein, Klaus and J\"ager, Paul F. and Kopp-Schneider, Annette and Maier-Hein, Lena},
    title     = {Why Is the Winner the Best?},
    booktitle = {Proceedings of the IEEE/CVF Conference on Computer Vision and Pattern Recognition (CVPR)},
    month     = {June},
    year      = {2023},
    pages     = {19955-19966}
}

@article{Fu:1981:ImageSegmentation_survey,
title = {A survey on image segmentation},
journal = {Pattern Recognition},
volume = {13},
number = {1},
pages = {3-16},
year = {1981},
issn = {0031-3203},
doi = {https://doi.org/10.1016/0031-3203(81)90028-5},
url = {https://www.sciencedirect.com/science/article/pii/0031320381900285},
author = {K.S. Fu and J.K. Mui},
}

@article{Gilpin:2019:IntroduceNCA,
  title = {Cellular automata as convolutional neural networks},
  author = {Gilpin, William},
  journal = {Phys. Rev. E},
  volume = {100},
  issue = {3},
  pages = {032402},
  numpages = {11},
  year = {2019},
  month = {Sep},
  publisher = {American Physical Society},
  doi = {10.1103/PhysRevE.100.032402},
  url = {https://link.aps.org/doi/10.1103/PhysRevE.100.032402}
}

@InProceedings{Horibe:2021:softRoboNCA,
author="Horibe, Kazuya
and Walker, Kathryn
and Risi, Sebastian",
editor="Hu, Ting
and Louren{\c{c}}o, Nuno
and Medvet, Eric",
title="Regenerating Soft Robots Through Neural Cellular Automata",
booktitle="Genetic Programming",
year="2021",
publisher="Springer International Publishing",
address="Cham",
pages="36--50",
}

@misc{Iakubovskii:2019:PythonSegmentationModels,
  Author = {Pavel Iakubovskii},
  Title = {Segmentation Models Pytorch},
  Year = {2019},
  Publisher = {GitHub},
  Journal = {GitHub repository},
  Howpublished = {\url{https://github.com/qubvel/segmentation_models.pytorch}}
}

@article{Isensee:2021:nnU-Net,
  author = {Isensee, Fabian and Jaeger, Paul F. and Kohl, Simon A. A. and Petersen, Jens and Maier-Hein, Klaus H.},
  title = {{nnU-Net: a self-configuring method for deep learning-based biomedical image segmentation}},
  journal = {Nature Methods},
  volume = {18},
  pages = {203 - 211},
  year = {2021},
  month ={02}, 
  doi = {10.1038/s41592-020-01008-z},
}

@InProceedings{kalkhof:2023:M3D-NCA,
    author="Kalkhof, John
    and Mukhopadhyay, Anirban",
    title="M3D-NCA: Robust 3D Segmentation withÂ Built-In Quality Control",
    booktitle="Medical Image Computing and Computer Assisted Intervention -- MICCAI 2023",
    year="2023",
    publisher="Springer Nature Switzerland",
    address="Cham",
    pages="169--178",
    doi={10.1007/978-3-031-43898-1_17}
}

@misc{kalkhof:2023:medNCA,
      title={Med-NCA: Robust and Lightweight Segmentation with Neural Cellular Automata}, 
      author={John Kalkhof and Camila GonzÃ¡lez and Anirban Mukhopadhyay},
      year={2023},
      eprint={2302.03473},
      archivePrefix={arXiv},
      primaryClass={eess.IV}
}

@article{Kari:2005:CA_survey,
    title = {Theory of cellular automata: A survey},
    journal = {Theoretical Computer Science},
    volume = {334},
    number = {1},
    pages = {3-33},
    year = {2005},
    issn = {0304-3975},
    doi = {10.1016/j.tcs.2004.11.021},
    url = {https://www.sciencedirect.com/science/article/pii/S030439750500054X},
    author = {Jarkko Kari},
    keywords = {Cellular automata, Reversible computation, Decidability, Discrete dynamical system},
}

@misc{kondrateva:2020:domainShifts,
      title={Domain Shift in Computer Vision models for MRI data analysis: An Overview}, 
      author={Ekaterina Kondrateva and Marina Pominova and Elena Popova and Maxim Sharaev and Alexander Bernstein and Evgeny Burnaev},
      year={2020},
      eprint={2010.07222},
      archivePrefix={arXiv},
      primaryClass={eess.IV}
}

@article{Lematre:2015:i2cvb,
    title = {Computer-Aided Detection and diagnosis for prostate cancer based on mono and multi-parametric MRI: A review},
    journal = {Computers in Biology and Medicine},
    volume = {60},
    pages = {8-31},
    year = {2015},
    issn = {0010-4825},
    doi = {https://doi.org/10.1016/j.compbiomed.2015.02.009},
    url = {https://www.sciencedirect.com/science/article/pii/S001048251500058X},
    author = {Guillaume LemaÃ®tre and Robert MartÃ­ and Jordi Freixenet and Joan C. Vilanova and Paul M. Walker and Fabrice Meriaudeau},
}

@article{Litjens:2017:DeepLMedImages_Survey,
title = {A survey on deep learning in medical image analysis},
journal = {Medical Image Analysis},
volume = {42},
pages = {60-88},
year = {2017},
issn = {1361-8415},
doi = {https://doi.org/10.1016/j.media.2017.07.005},
url = {https://www.sciencedirect.com/science/article/pii/S1361841517301135},
author = {Geert Litjens and Thijs Kooi and Babak Ehteshami Bejnordi and Arnaud Arindra Adiyoso Setio and Francesco Ciompi and Mohsen Ghafoorian and Jeroen A.W.M. {van der Laak} and Bram {van Ginneken} and Clara I. SÃ¡nchez},
}

@article{Liu:2020:MS-Net:RobustProstSegmentation,
   title={MS-Net: Multi-Site Network for Improving Prostate Segmentation With Heterogeneous MRI Data},
   volume={39},
   ISSN={1558-254X},
   url={http://dx.doi.org/10.1109/TMI.2020.2974574},
   DOI={10.1109/tmi.2020.2974574},
   number={9},
   journal={IEEE Transactions on Medical Imaging},
   publisher={Institute of Electrical and Electronics Engineers (IEEE)},
   author={Liu, Quande and Dou, Qi and Yu, Lequan and Heng, Pheng Ann},
   year={2020},
   month=sep, pages={2713â2724} }


@INPROCEEDINGS{Lyke:FPGA-NCA,
  author={Lyke, J.},
  booktitle={Proceedings, IEEE Aerospace Conference}, 
  title={A cellular automata FPGA architecture that can be trained with neural networks}, 
  year={2002},
  volume={5},
  number={},
  pages={5-5},
  doi={10.1109/AERO.2002.1035407}
}

@article{Maier-Hain:2018:BioMedAnalysisOverview/Ranking,
  author = {Maier-Hein, Lena and Eisenmann, Matthias and Reinke, Annika and Onogur, Sinan and Stankovic, Marko and Scholz, Patrick and Arbel, Tal and Bogunovic, Hrvoje and Bradley, Andrew P. and Carass, Aaron and Feldmann, Carolin and Frangi, Alejandro F. and Full, Peter M. and van Ginneken, Bram and Hanbury, Allan and Honauer, Katrin and Kozubek, Michal and Landman, Bennett A. and MÃ¤rz, Keno and Maier, Oskar and Maier-Hein, Klaus and Menze, Bjoern H. and MÃ¼ller, Henning and Neher, Peter F. and Niessen, Wiro and Rajpoot, Nasir and Sharp, Gregory C. and Sirinukunwattana, Korsuk and Speidel, Stefanie and Stock, Christian and Stoyanov, Danail and Taha, Abdel Aziz and van der Sommen, Fons and Wang, Ching-Wei and Weber, Marc-AndrÃ© and Zheng, Guoyan and Jannin, Pierre and Kopp-Schneider, Annette},
  title = {{Why rankings of biomedical image analysis competitions should be interpreted with care}},
  journal = {Nature Communications},
  volume = {9},
  year = {2018},
  month ={12}, 
  doi = {10.1038/s41467-018-07619-7},
}

@INPROCEEDINGS{McDonald:ReservoirNCAs,
  author={McDonald, Nathan},
  booktitle={2017 International Joint Conference on Neural Networks (IJCNN)}, 
  title={Reservoir computing \& extreme learning machines using pairs of cellular automata rules}, 
  year={2017},
  volume={},
  number={},
  pages={2429-2436},
  doi={10.1109/IJCNN.2017.7966151}
 }

@incollection{Merchant:2023:ImageSegmentation_survey,
title = {Chapter Seven - Image Segmentation},
editor = {Fatima A. Merchant and Kenneth R. Castleman},
booktitle = {Microscope Image Processing (Second Edition)},
publisher = {Academic Press},
edition = {Second Edition},
pages = {119-152},
year = {2023},
isbn = {978-0-12-821049-9},
doi = {https://doi.org/10.1016/B978-0-12-821049-9.00003-4},
url = {https://www.sciencedirect.com/science/article/pii/B9780128210499000034},
author = {Qiang Wu and Kenneth R. Castleman},
}

@article{mordvintsev:2020:growingNCA,
  author = {Mordvintsev, Alexander and Randazzo, Ettore and Niklasson, Eyvind and Levin, Michael},
  title = {Growing Neural Cellular Automata},
  journal = {Distill},
  year = {2020},
  note = {https://distill.pub/2020/growing-ca},
  doi = {10.23915/distill.00023}
}

@misc{mordvintsev:2021:textureNCAs,
      title={$\mu$NCA: Texture Generation with Ultra-Compact Neural Cellular Automata}, 
      author={Alexander Mordvintsev and Eyvind Niklasson},
      year={2021},
      eprint={2111.13545},
      archivePrefix={arXiv},
      primaryClass={cs.LG}
}

@article{vonNeumann:1951,
  author = {Von Neumann, John},
  title = {{The General and Logical Theory of Automata}},
  journal = {Cerebral Mechanisms in Behavior: The Hixon Symposium},
  year = {1951},
 }

@misc{otte:2021:generativeNCAs,
      title={Generative Adversarial Neural Cellular Automata}, 
      author={Maximilian Otte and Quentin Delfosse and Johannes Czech and Kristian Kersting},
      year={2021},
      eprint={2108.04328},
      archivePrefix={arXiv},
      primaryClass={cs.NE}
}

@proceedings{Pade:2023:HirarchicalNCA,
    author = {Pande, Ritu and Grattarola, Daniele},
    title = "{Hierarchical Neural Cellular Automata}",
    volume = {ALIFE 2023: Ghost in the Machine: Proceedings of the 2023 Artificial Life Conference},
    series = {ALIFE 2023: Ghost in the Machine: Proceedings of the 2023 Artificial Life Conference},
    pages = {20},
    year = {2023},
    month = {07},
    doi = {10.1162/isal_a_00601},
    eprint = {https://direct.mit.edu/isal/proceedings-pdf/isal/35/20/2149136/isal\_a\_00601.pdf},
}

@misc{palm:2022:vnca,
      title={Variational Neural Cellular Automata}, 
      author={Rasmus Berg Palm and Miguel GonzÃ¡lez-Duque and Shyam Sudhakaran and Sebastian Risi},
      year={2022},
      eprint={2201.12360},
      archivePrefix={arXiv},
      primaryClass={cs.NE}
}

@misc{paszke:2019:pytorch,
      title={PyTorch: An Imperative Style, High-Performance Deep Learning Library}, 
      author={Adam Paszke and Sam Gross and Francisco Massa and Adam Lerer and James Bradbury and Gregory Chanan and Trevor Killeen and Zeming Lin and Natalia Gimelshein and Luca Antiga and Alban Desmaison and Andreas KÃ¶pf and Edward Yang and Zach DeVito and Martin Raison and Alykhan Tejani and Sasank Chilamkurthy and Benoit Steiner and Lu Fang and Junjie Bai and Soumith Chintala},
      year={2019},
      eprint={1912.01703},
      archivePrefix={arXiv},
      primaryClass={cs.LG}
}

@article{PerezGarcia:2021:torchIO,
title = {TorchIO: A Python library for efficient loading, preprocessing, augmentation and patch-based sampling of medical images in deep learning},
journal = {Computer Methods and Programs in Biomedicine},
volume = {208},
pages = {106236},
year = {2021},
issn = {0169-2607},
doi = {https://doi.org/10.1016/j.cmpb.2021.106236},
url = {https://www.sciencedirect.com/science/article/pii/S0169260721003102},
author = {Fernando PÃ©rez-GarcÃ­a and Rachel Sparks and SÃ©bastien Ourselin},
keywords = {Medical image computing, Deep learning, Data augmentation, Preprocessing},
}

@misc{sandler:2020:imageSegNCA,
      title={Image segmentation via Cellular Automata}, 
      author={Mark Sandler and Andrey Zhmoginov and Liangcheng Luo and Alexander Mordvintsev and Ettore Randazzo and Blaise AgÃºera y Arcas},
      year={2020},
      eprint={2008.04965},
      archivePrefix={arXiv},
      primaryClass={cs.CV}
}

@ARTICLE{Saunders:2021:DataLimitedprostSeg,
  title    = "Training Convolutional Networks for Prostate Segmentation With
              Limited Data",
  author   = "Saunders, Sara L and Leng, Ethan and Spilseth, Benjamin and
              Wasserman, Neil and Metzger, Gregory J and Bolan, Patrick J",
  journal  = "IEEE Access",
  volume   =  9,
  pages    = "109214--109223",
  month    =  jul,
  year     =  2021,
  address  = "United States",
  keywords = "3D U-Net; Automatic prostate segmentation; convolutional neural
              networks; magnetic resonance imaging",
  language = "en"
}
      
@article{torchIO,
    title = {TorchIO: A Python library for efficient loading, preprocessing, augmentation and patch-based sampling of medical images in deep learning},
    journal = {Computer Methods and Programs in Biomedicine},
    volume = {208},
    pages = {106236},
    year = {2021},
    issn = {0169-2607},
    doi = {https://doi.org/10.1016/j.cmpb.2021.106236},
    url = {https://www.sciencedirect.com/science/article/pii/S0169260721003102},
    author = {Fernando PÃ©rez-GarcÃ­a and Rachel Sparks and SÃ©bastien Ourselin},
    keywords = {Medical image computing, Deep learning, Data augmentation, Preprocessing},
}

@misc{variengien:2021:roboNCA,
      title={Towards self-organized control: Using neural cellular automata to robustly control a cart-pole agent}, 
      author={Alexandre Variengien and Stefano Nichele and Tom Glover and Sidney Pontes-Filho},
      year={2021},
      eprint={2106.15240},
      archivePrefix={arXiv},
      primaryClass={cs.NE}
}

@article{Varaquaux:2022:medMLFailuresFuture,
  author = {Varoquaux, GaÃ«l and Cheplygina, Veronika},
  title = {{Machine learning for medical imaging: methodological failures and recommendations for the future}},
  journal = {npj Digital Medicine},
  volume = {5},
  number = {1},
  pages = {48},
  year = {2022},
  month ={04}, 
  doi = {10.1038/s41746-022-00592-y},
}

@article{Wali:2022:patternNCA,
  author = {Wali, Aamir},
  title = {{CA-NN: a cellular automata neural network for handwritten pattern recognition}},
  journal = {Natural Computing},
  year = {2022},
  month ={12}, 
  doi = {10.1007/s11047-022-09937-8},
}

@InProceedings{Yan:2019:DomainShiftsInMedSeg,
 author="Yan, Wenjun
 and Wang, Yuanyuan
 and Gu, Shengjia
 and Huang, Lu
 and Yan, Fuhua
 and Xia, Liming
 and Tao, Qian",
 editor="Shen, Dinggang
 and Liu, Tianming
 and Peters, Terry M.
 and Staib, Lawrence H.
 and Essert, Caroline
 and Zhou, Sean
 and Yap, Pew-Thian
 and Khan, Ali",
 title="The Domain Shift Problem of Medical Image Segmentation and Vendor-Adaptation by Unet-GAN",
 booktitle="Medical Image Computing and Computer Assisted Intervention -- MICCAI 2019",
 year="2019",
 publisher="Springer International Publishing",
 address="Cham",
 pages="623--631",
}

@ARTICLE{Zhou:2023:DomainGeneralization_alsoAugmentation,
  author={Zhou, Kaiyang and Liu, Ziwei and Qiao, Yu and Xiang, Tao and Loy, Chen Change},
  journal={IEEE Transactions on Pattern Analysis and Machine Intelligence}, 
  title={Domain Generalization: A Survey}, 
  year={2023},
  volume={45},
  number={4},
  pages={4396-4415},
  doi={10.1109/TPAMI.2022.3195549}}
